@book{OMS,
  title={Preguntas y respuestas sobre la enfermedad por coronavirus (COVID-19)},
  author={OMS},
  year={2020},
  publisher={Organización mundial de la salud}
}
@book{WebScraping,
  title={Web scraping con Python. Extraer datos de una web. Guía de inicio de Beautiful Soup},
  author={Juan José Lozano Gómez},
  year={2018},
  publisher={J2LOGO}
}
@book{COVID19,
  title={COVID-19 en Colombia},
  author={Instituto nacional de salud},
  year={2020},
  publisher={MinSalud}
}
@book{COVID,
  title={Pandemia de enfermedad por coronavirus de 2020 en Colombia},
  author={Wikipedia La enciclopedia libre},
  year={2020},
  publisher={Wikipedia}
}

